@ARTICLE{1982QJRAS..23..485D,
  author =       {{Disney}, M.~J. and {Wallace}, P.~T.},
  title =        "{STARLINK}",
  journal =      {\qjras},
  year =         1982,
  month =        dec,
  volume =       23,
  pages =        485,
  adsurl =       {http://adsabs.harvard.edu/abs/1982QJRAS..23..485D},
  adsnote =      {Provided by the SAO/NASA Astrophysics Data System}
}

@INPROCEEDINGS{1986SPIE..598..134B,
  author =       {{Bos}, A.},
  title =        "{Backend spectrometers - A review}",
  keywords =     {ASTRONOMICAL SPECTROSCOPY, MICROWAVE SPECTROMETERS,
                  RADIO SPECTROSCOPY, ARCHITECTURE (COMPUTERS),
                  MILLIMETER WAVES, MULTIPLEXING, SPECTRAL RESOLUTION},
  booktitle =    {Instrumentation for submillimeter spectroscopy},
  year =         1986,
  series =       {\procspie},
  volume =       598,
  editor =       {{Kollberg}, E.},
  pages =        134,
  doi =          {10.1117/12.952332},
  adsurl =       {http://adsabs.harvard.edu/abs/1986SPIE..598..134B},
  adsnote =      {Provided by the SAO/NASA Astrophysics Data System}
}

@ARTICLE{1994ApJ...428..693W,
  author =       {{Williams}, J.~P. and {de Geus}, E.~J. and {Blitz},
                  L.},
  title =        "{Determining structure in molecular clouds}",
  journal =      {\apj},
  keywords =     {Evolution (Development), Mass Spectra, Molecular
                  Clouds, Size (Dimensions), Spectral Line Width, Star
                  Formation, Stellar Structure, Temperature,
                  Algorithms, Least Squares Method, Line Spectra,
                  Mapping, Numerical Analysis, Simulation},
  year =         1994,
  month =        jun,
  volume =       428,
  pages =        693,
  doi =          {10.1086/174279},
  adsurl =       {http://adsabs.harvard.edu/abs/1994ApJ...428..693W},
  adsnote =      {Provided by the SAO/NASA Astrophysics Data System}
}

@INPROCEEDINGS{1994ASPC...61..123C,
  author =       {{Crabtree}, D. and {Durand}, D. and {Fisher}, W. and
                  {Gaudet}, S. and {Hill}, N. and {Justice}, G. and
                  {Morris}, S. and {Woodsworth}, A.  },
  title =        "{The Canadian Astronomy Data Centre}",
  booktitle =    {Astronomical Data Analysis Software and Systems III},
  year =         1994,
  series =       {\aspconf},
  volume =       61,
  editor =       {{Crabtree}, D.~R. and {Hanisch}, R.~J. and {Barnes},
                  J.},
  pages =        123,
  adsurl =       {http://adsabs.harvard.edu/abs/1994ASPC...61..123C},
  adsnote =      {Provided by the SAO/NASA Astrophysics Data System}
}

@ARTICLE{1996A&AS..117..393B,
  author =       {{Bertin}, E. and {Arnouts}, S.},
  title =        "{SExtractor: Software for source extraction.}",
  journal =      {\aaps},
  keywords =     {METHODS: DATA ANALYSIS, TECHNIQUES: IMAGE
                  PROCESSING, GALAXIES: PHOTOMETRY},
  year =         1996,
  month =        jun,
  volume =       117,
  pages =        393,
  adsurl =       {http://adsabs.harvard.edu/abs/1996A%26AS..117..393B},
  adsnote =      {Provided by the SAO/NASA Astrophysics Data System}
}

@INPROCEEDINGS{1997ASPC..125..397T,
  author =       {{Tilanus}, R.~P.~J. and {Jenness}, T. and
                  {Economou}, F. and {Cockayne}, S.},
  title =        "{The JCMT Telescope Management System}",
  booktitle =    {Astronomical Data Analysis Software and Systems VI},
  year =         1997,
  series =       {\aspconf},
  volume =       125,
  editor =       {{Hunt}, G. and {Payne}, H.},
  pages =        397,
  adsurl =       {http://adsabs.harvard.edu/abs/1997ASPC..125..397T},
  adsnote =      {Provided by the SAO/NASA Astrophysics Data System}
}

@INPROCEEDINGS{1999ASPC..172...11E,
  author =       {{Economou}, F. and {Bridger}, A. and {Wright},
                  G.~S. and {Jenness}, T. and {Currie}, M.~J. and
                  {Adamson}, A.},
  title =        "{ORAC-DR: Pipelining With Other People's Code}",
  booktitle =    {Astronomical Data Analysis Software and Systems
                  VIII},
  year =         1999,
  series =       {\aspconf},
  volume =       172,
  editor =       {{Mehringer}, D.~M. and {Plante}, R.~L. and
                  {Roberts}, D.~A.},
  pages =        11,
  adsurl =       {http://adsabs.harvard.edu/abs/1999ASPC..172...11E},
  adsnote =      {Provided by the SAO/NASA Astrophysics Data System}
}

@INPROCEEDINGS{1999ASPC..172..171J,
  author =       {{Jenness}, T. and {Economou}, F.},
  title =        "{The SCUBA Data Reduction Pipeline: ORAC-DR at the
                  JCMT}",
  booktitle =    {Astronomical Data Analysis Software and Systems
                  VIII},
  year =         1999,
  series =       {\aspconf},
  volume =       172,
  editor =       {{Mehringer}, D.~M. and {Plante}, R.~L. and
                  {Roberts}, D.~A.},
  pages =        171,
  adsurl =       {http://adsabs.harvard.edu/abs/1999ASPC..172..171J},
  adsnote =      {Provided by the SAO/NASA Astrophysics Data System}
}

@INPROCEEDINGS{2000ASPC..217...33D,
  author =       {{Dent}, W. and {Duncan}, W. and {Ellis}, M. and
                  {Harris}, J. and {Lightfoot}, J. and {Wall}, R. and
                  {Gibson}, H. and {Hills}, R. and {Richer}, J. and
                  {Smith}, H. and {Withington}, S. and {Burgess},
                  T. and {Casorso}, R. and {Dewdney}, P. and {Hovey},
                  G. and {Redman}, R. and {Yeung}, K. and {Force},
                  B. and {Pain}, I.},
  title =        "{HARP and ACSIS on the JCMT}",
  booktitle =    {Imaging at Radio through Submillimeter Wavelengths},
  year =         2000,
  series =       {\aspconf},
  volume =       217,
  editor =       {{Mangum}, J.~G. and {Radford}, S.~J.~E.},
  pages =        33,
  adsurl =       {http://adsabs.harvard.edu/abs/2000ASPC..217...33D},
  adsnote =      {Provided by the SAO/NASA Astrophysics Data System}
}

@INPROCEEDINGS{2002ASPC..281...36S,
  author =       {{Schade}, D. and {Dowler}, P. and {Durand}, D. and
                  {Hill}, N. and {Gaudet}, S. and {Bohlender}, D.},
  title =        "{Data Mining and the Virtual Observatory: A Data
                  Centre Viewpoint}",
  keywords =     {Virtual Observatory, Data Mining, Data Archiving,
                  Data Centres},
  booktitle =    {Astronomical Data Analysis Software and Systems XI},
  year =         2002,
  series =       {\aspconf},
  volume =       281,
  editor =       {{Bohlender}, D.~A. and {Durand}, D. and {Handley},
                  T.~H.},
  pages =        36,
  adsurl =       {http://adsabs.harvard.edu/abs/2002ASPC..281...36S},
  adsnote =      {Provided by the SAO/NASA Astrophysics Data System}
}

@ARTICLE{2002MNRAS.336....1A,
  author =       {{Archibald}, E.~N. and {Jenness}, T. and {Holland},
                  W.~S. and {Coulson}, I.~M. and {Jessop}, N.~E. and
                  {Stevens}, J.~A. and {Robson}, E.~I. and {Tilanus},
                  R.~P.~J. and {Duncan}, W.~D. and {Lightfoot}, J.~F.},
  title =        "{On the atmospheric limitations of ground-based
                  submillimetre astronomy using array receivers}",
  journal =      {\mnras},
  eprint =       {astro-ph/0204444},
  keywords =     {instrumentation: detectors, telescopes,
                  submillimetre},
  year =         2002,
  month =        oct,
  volume =       336,
  pages =        1,
  doi =          {10.1046/j.1365-8711.2002.05582.x},
  adsurl =       {http://adsabs.harvard.edu/abs/2002MNRAS.336....1A},
  adsnote =      {Provided by the SAO/NASA Astrophysics Data System}
}

@INPROCEEDINGS{2002SPIE.4844..321E,
  author =       {{Economou}, F. and {Jenness}, T. and {Rees}, N.~P.},
  title =        "{Sharing code and support between heterogeneous
                  telescopes: the UKIRT and JCMT joint software
                  projects}",
  booktitle =    {Observatory Operations to Optimize Scientific Return
                  III},
  year =         2002,
  series =       {\procspie},
  volume =       4844,
  editor =       {{Quinn}, P.~J.},
  month =        dec,
  pages =        321,
  doi =          {10.1117/12.460642},
  adsurl =       {http://adsabs.harvard.edu/abs/2002SPIE.4844..321E},
  adsnote =      {Provided by the SAO/NASA Astrophysics Data System}
}

@INPROCEEDINGS{2003SPIE.4855....1H,
  author =       {{Holland}, W.~S. and {Duncan}, W. and {Kelly},
                  B.~D. and {Irwin}, K.~D. and {Walton}, A.~J. and
                  {Ade}, P.~A.~R. and {Robson}, E.~I.},
  title =        "{SCUBA-2: a new generation submillimeter imager for
                  the James Clerk Maxwell Telescope}",
  booktitle =    {Millimeter and Submillimeter Detectors for
                  Astronomy},
  year =         2003,
  series =       {\procspie},
  volume =       4855,
  editor =       {{Phillips}, T.~G. and {Zmuidzinas}, J.},
  month =        feb,
  pages =        1,
  doi =          {10.1117/12.459152},
  adsurl =       {http://adsabs.harvard.edu/abs/2003SPIE.4855....1H},
  adsnote =      {Provided by the SAO/NASA Astrophysics Data System}
}

@INPROCEEDINGS{2004SPIE.5492.1160R,
  author =       {{Ramsay Howat}, S.~K. and {Todd}, S. and {Leggett},
                  S. and {Davis}, C. and {Strachan}, M. and
                  {Borrowman}, A. and {Ellis}, M. and {Elliot}, J. and
                  {Gostick}, D. and {Kackley}, R. and {Rippa}, M.},
  title =        "{The commissioning of and first results from the
                  UIST imager spectrometer}",
  booktitle =    {Ground-based Instrumentation for Astronomy},
  year =         2004,
  series =       {\procspie},
  volume =       5492,
  editor =       {{Moorwood}, A.~F.~M. and {Iye}, M.},
  month =        sep,
  pages =        1160,
  doi =          {10.1117/12.551673},
  adsurl =       {http://adsabs.harvard.edu/abs/2004SPIE.5492.1160R},
  adsnote =      {Provided by the SAO/NASA Astrophysics Data System}
}

@INPROCEEDINGS{2005ASPC..347...29T,
  author =       {{Taylor}, M.~B.},
  title =        "{TOPCAT {\&} STIL: Starlink Table/VOTable Processing
                  Software}",
  booktitle =    {Astronomical Data Analysis Software and Systems XIV},
  year =         2005,
  series =       {\aspconf},
  volume =       347,
  editor =       {{Shopbell}, P. and {Britton}, M. and {Ebert}, R.},
  month =        dec,
  pages =        29,
  adsurl =       {http://adsabs.harvard.edu/abs/2005ASPC..347...29T},
  adsnote =      {Provided by the SAO/NASA Astrophysics Data System}
}

@INPROCEEDINGS{2005ASPC..347..193O,
  author =       {{Ochsenbein}, F. and {Fernique}, P. and {Bonnarel},
                  F. and {Allen}, M. and {Boch}, T. and {Genova},
                  F. and {Schaaff}, A.},
  title =        "{Interoperability in Action: the Aladin Experience}",
  booktitle =    {Astronomical Data Analysis Software and Systems XIV},
  year =         2005,
  series =       {\aspconf},
  volume =       347,
  editor =       {{Shopbell}, P. and {Britton}, M. and {Ebert}, R.},
  month =        dec,
  pages =        193,
  adsurl =       {http://adsabs.harvard.edu/abs/2005ASPC..347..193O},
  adsnote =      {Provided by the SAO/NASA Astrophysics Data System}
}

@INPROCEEDINGS{2005ASPC..347..585G,
  author =       {{Gibb}, A.~G. and {Scott}, D. and {Jenness}, T. and
                  {Economou}, F. and {Kelly}, B.~D. and {Holland},
                  W.~S.},
  title =        "{Design of the SCUBA-2 Quick Look Display and Data
                  Reduction Pipeline}",
  booktitle =    {Astronomical Data Analysis Software and Systems XIV},
  year =         2005,
  series =       {\aspconf},
  volume =       347,
  editor =       {{Shopbell}, P. and {Britton}, M. and {Ebert}, R.},
  month =        dec,
  pages =        585,
  adsurl =       {http://adsabs.harvard.edu/abs/2005ASPC..347..585G},
  adsnote =      {Provided by the SAO/NASA Astrophysics Data System}
}

@Misc{2005JCMTN23,
  author =       {Gary R. Davis},
  title =        "{JCMT Newsletter 23}",
  url =
                  {http://www.jach.hawaii.edu/JCMT/publications/newsletter/n23/jcmt-n23.pdf},
  month =        sep,
  year =         2005,
}

@INPROCEEDINGS{2005prpl.conf.8370M,
  author =       {{Moore}, T.~J.~T. and {Shipman}, R.~F. and {Plume},
                  R. and {Hoare}, M.~G. and {Jps International
                  Collaboration}},
  title =        "{Legacy Surveys with the JCMT: The JCMT Plane
                  Survey}",
  booktitle =    {Protostars and Planets V},
  year =         2005,
  pages =        8370,
  adsurl =       {http://adsabs.harvard.edu/abs/2005prpl.conf.8370M},
  adsnote =      {Provided by the SAO/NASA Astrophysics Data System}
}

@Article{2006JCMTN24R,
  author =       {Russell Redman},
  title =        "{An Introduction to the JCMT Data Management
                  System}",
  journal =      {JCMT Newsletter},
  year =         2006,
  volume =       24,
  pages =        22,
  url =
                  {http://www.jach.hawaii.edu/JCMT/publications/newsletter/n24/jcmt-n24.pdf}
}

@INPROCEEDINGS{2007ASPC..376..347D,
  author =       {{Dowler}, P.~D. and {Gaudet}, S. and {Durand},
                  D. and {Redman}, R. and {Hill}, N. and {Goliath},
                  S.},
  title =        "{Common Archive Observation Model}",
  booktitle =    {Astronomical Data Analysis Software and Systems XVI},
  year =         2007,
  series =       {\aspconf},
  volume =       376,
  editor =       {{Shaw}, R.~A. and {Hill}, F. and {Bell}, D.~J.},
  month =        oct,
  pages =        347,
  adsurl =       {http://adsabs.harvard.edu/abs/2007ASPC..376..347D},
  adsnote =      {Provided by the SAO/NASA Astrophysics Data System}
}

@INPROCEEDINGS{2007ASPC..376..425B,
  author =       {{Berry}, D.~S. and {Reinhold}, K. and {Jenness},
                  T. and {Economou}, F.  },
  title =        "{CUPID: A Clump Identification and Analysis
                  Package}",
  booktitle =    {Astronomical Data Analysis Software and Systems XVI},
  year =         2007,
  series =       {\aspconf},
  volume =       376,
  editor =       {{Shaw}, R.~A. and {Hill}, F. and {Bell}, D.~J.},
  month =        oct,
  pages =        425,
  adsurl =       {http://adsabs.harvard.edu/abs/2007ASPC..376..425B},
  adsnote =      {Provided by the SAO/NASA Astrophysics Data System}
}

@ARTICLE{2007PASP..119..102P,
  author =       {{Plume}, R. and {Fuller}, G.~A. and {Helmich},
                  F. and {van der Tak}, F.~F.~S. and {Roberts}, H. and
                  {Bowey}, J. and {Buckle}, J. and {Butner}, H. and
                  {Caux}, E. and {Ceccarelli}, C. and {van Dishoeck},
                  E.~F. and {Friberg}, P. and {Gibb}, A.~G. and
                  {Hatchell}, J. and {Hogerheijde}, M.~R. and
                  {Matthews}, H. and {Millar}, T.~J. and {Mitchell},
                  G. and {Moore}, T.~J.~T. and {Ossenkopf}, V. and
                  {Rawlings}, J.~M.~C. and {Richer}, J. and {Roellig},
                  M. and {Schilke}, P. and {Spaans}, M. and {Tielens},
                  A.~G.~G.~M. and {Thompson}, M.~A. and {Viti}, S. and
                  {Weferling}, B. and {White}, G.~J. and {Wouterloot},
                  J. and {Yates}, J. and {Zhu}, M.},
  title =        "{The James Clerk Maxwell Telescope Spectral Legacy
                  Survey}",
  journal =      {\pasp},
  eprint =       {astro-ph/0611907},
  keywords =     {Astronomical Data Bases: Miscellaneous, ISM:
                  Abundances, ISM: Evolution, ISM: Molecules, Stars:
                  Formation},
  year =         2007,
  month =        jan,
  volume =       119,
  pages =        102,
  doi =          {10.1086/511161},
  adsurl =       {http://adsabs.harvard.edu/abs/2007PASP..119..102P},
  adsnote =      {Provided by the SAO/NASA Astrophysics Data System}
}

@ARTICLE{2007PASP..119..842M,
  author =       {{Matthews}, B.~C. and {Greaves}, J.~S. and
                  {Holland}, W.~S. and {Wyatt}, M.~C. and {Barlow},
                  M.~J. and {Bastien}, P. and {Beichman}, C.~A. and
                  {Biggs}, A. and {Butner}, H.~M. and {Dent},
                  W.~R.~F. and {Di Francesco}, J. and {Dominik},
                  C. and {Fissel}, L. and {Friberg}, P. and {Gibb},
                  A.~G. and {Halpern}, M. and {Ivison}, R.~J. and
                  {Jayawardhana}, R. and {Jenness}, T. and
                  {Johnstone}, D. and {Kavelaars}, J.~J. and
                  {Marshall}, J.~L. and {Phillips}, N. and {Schieven},
                  G. and {Snellen}, I.~A.~G. and {Walker}, H.~J. and
                  {Ward-Thompson}, D. and {Weferling}, B. and {White},
                  G.~J. and {Yates}, J. and {Zhu}, M. and {Craigon},
                  A.},
  title =        "{An Unbiased Survey of 500 Nearby Stars for Debris
                  Disks: A JCMT Legacy Program}",
  journal =      {\pasp},
  archivePrefix ="arXiv",
  eprint =       {0707.0489},
  keywords =     {Stars},
  year =         2007,
  month =        aug,
  volume =       119,
  pages =        842,
  doi =          {10.1086/521318},
  adsurl =       {http://adsabs.harvard.edu/abs/2007PASP..119..842M},
  adsnote =      {Provided by the SAO/NASA Astrophysics Data System}
}

@ARTICLE{2007PASP..119..855W,
  author =       {{Ward-Thompson}, D. and {Di Francesco}, J. and
                  {Hatchell}, J. and {Hogerheijde}, M.~R. and
                  {Nutter}, D. and {Bastien}, P. and {Basu}, S. and
                  {Bonnell}, I. and {Bowey}, J. and {Brunt}, C. and
                  {Buckle}, J. and {Butner}, H. and {Cavanagh}, B. and
                  {Chrysostomou}, A. and {Curtis}, E. and {Davis},
                  C.~J. and {Dent}, W.~R.~F. and {van Dishoeck},
                  E. and {Edmunds}, M.~G. and {Fich}, M. and {Fiege},
                  J. and {Fissel}, L. and {Friberg}, P. and {Friesen},
                  R. and {Frieswijk}, W. and {Fuller}, G.~A. and
                  {Gosling}, A. and {Graves}, S. and {Greaves},
                  J.~S. and {Helmich}, F. and {Hills}, R.~E. and
                  {Holland}, W.~S. and {Houde}, M. and {Jayawardhana},
                  R. and {Johnstone}, D. and {Joncas}, G. and {Kirk},
                  H. and {Kirk}, J.~M. and {Knee}, L.~B.~G. and
                  {Matthews}, B. and {Matthews}, H. and {Matzner},
                  C. and {Moriarty-Schieven}, G.~H. and {Naylor},
                  D. and {Padman}, R. and {Plume}, R. and {Rawlings},
                  J.~M.~C. and {Redman}, R.~O. and {Reid}, M. and
                  {Richer}, J.~S. and {Shipman}, R. and {Simpson},
                  R.~J. and {Spaans}, M. and {Stamatellos}, D. and
                  {Tsamis}, Y.~G. and {Viti}, S. and {Weferling},
                  B. and {White}, G.~J. and {Whitworth}, A.~P. and
                  {Wouterloot}, J. and {Yates}, J. and {Zhu}, M.},
  title =        "{The James Clerk Maxwell Telescope Legacy Survey of
                  Nearby Star-forming Regions in the Gould Belt}",
  journal =      {\pasp},
  archivePrefix ="arXiv",
  eprint =       {0707.0169},
  keywords =     {ISM},
  year =         2007,
  month =        aug,
  volume =       119,
  pages =        855,
  doi =          {10.1086/521277},
  adsurl =       {http://adsabs.harvard.edu/abs/2007PASP..119..855W},
  adsnote =      {Provided by the SAO/NASA Astrophysics Data System}
}

@ARTICLE{2007arXiv0704.3202T,
  author =       {{Thompson}, M.~A. and {Serjeant}, S. and {Jenness},
                  T. and {Scott}, D. and {Ashdown}, M. and {Brunt},
                  C. and {Butner}, H. and {Chapin}, E. and
                  {Chrysostomou}, A.~C. and {Clark}, J.~S. and
                  {Clements}, D. and {Collett}, J.~L. and {Coppin},
                  K. and {Coulson}, I.~M. and {Dent}, W.~R.~F. and
                  {Economou}, F. and {Evans}, A. and {Friberg}, P. and
                  {Fuller}, G.~A. and {Gibb}, A.~G. and {Greaves},
                  J. and {Hatchell}, J. and {Holland}, W.~S. and
                  {Hudson}, M. and {Ivison}, R.~J. and {Jaffe}, A. and
                  {Joncas}, G. and {Jones}, H.~R.~A. and {Knapen},
                  J.~H. and {Leech}, J. and {Mann}, R. and {Matthews},
                  H.~E. and {Moore}, T.~J.~T. and {Mortier}, A. and
                  {Negrello}, M. and {Nutter}, D. and {Pestalozzi},
                  M.~P. and {Pope}, A. and {Richer}, J. and {Shipman},
                  R. and {Urquhart}, J.~S. and {Vaccari}, M. and {Van
                  Waerbeke}, L. and {Viti}, S. and {Weferling}, B. and
                  {White}, G.~J. and {Wouterloot}, J. and {Zhu}, M.},
  title =        "{The SCUBA-2 ''All-Sky'' Survey}",
  journal =      {ArXiv e-prints},
  archivePrefix ="arXiv",
  eprint =       {0704.3202},
  keywords =     {Astrophysics},
  year =         2007,
  month =        apr,
  note =         {arXiv:0704.3202},
  adsurl =       {http://adsabs.harvard.edu/abs/2007arXiv0704.3202T},
  adsnote =      {Provided by the SAO/NASA Astrophysics Data System}
}

@ARTICLE{2008AN....329..295C,
  author =       {{Cavanagh}, B. and {Jenness}, T. and {Economou},
                  F. and {Currie}, M.~J.  },
  title =        "{The ORAC-DR data reduction pipeline}",
  journal =      {Astron.\ Nachr.},
  keywords =     {methods: data analysis, techniques: image
                  processing},
  year =         2008,
  month =        mar,
  volume =       329,
  pages =        295,
  doi =          {10.1002/asna.200710944},
  adsurl =       {http://adsabs.harvard.edu/abs/2008AN....329..295C},
  adsnote =      {Provided by the SAO/NASA Astrophysics Data System}
}

@INPROCEEDINGS{2008ASPC..394..135G,
  author =       {{Gaudet}, S. and {Dowler}, P. and {Goliath}, S. and
                  {Redman}, R.  },
  title =        "{The JCMT Science Archive and the Virtual
                  Observatory}",
  booktitle =    {Astronomical Data Analysis Software and Systems
                  XVII},
  year =         2008,
  series =       {\aspconf},
  volume =       394,
  editor =       {{Argyle}, R.~W. and {Bunclark}, P.~S. and {Lewis},
                  J.~R.},
  month =        aug,
  pages =        135,
  adsurl =       {http://adsabs.harvard.edu/abs/2008ASPC..394..135G},
  adsnote =      {Provided by the SAO/NASA Astrophysics Data System}
}

@INPROCEEDINGS{2008ASPC..394..426D,
  author =       {{Dowler}, P. and {Gaudet}, S. and {Durand}, D. and
                  {Redman}, R. and {Hill}, N. and {Goliath}, S.},
  title =        "{Common Archive Observation Model}",
  booktitle =    {Astronomical Data Analysis Software and Systems
                  XVII},
  year =         2008,
  series =       {\aspconf},
  volume =       394,
  editor =       {{Argyle}, R.~W. and {Bunclark}, P.~S. and {Lewis},
                  J.~R.},
  month =        aug,
  pages =        426,
  adsurl =       {http://adsabs.harvard.edu/abs/2008ASPC..394..426D},
  adsnote =      {Provided by the SAO/NASA Astrophysics Data System}
}

@INPROCEEDINGS{2008ASPC..394..450E,
  author =       {{Economou}, F. and {Jenness}, T. and {Chrysostomou},
                  A. and {Cavanagh}, B. and {Redman}, R. and {Berry},
                  D.~S.},
  title =        "{The JCMT Legacy Survey: The challenges of the JCMT
                  Science Archive}",
  booktitle =    {Astronomical Data Analysis Software and Systems
                  XVII},
  year =         2008,
  series =       {\aspconf},
  volume =       394,
  editor =       {{Argyle}, R.~W. and {Bunclark}, P.~S. and {Lewis},
                  J.~R.},
  month =        aug,
  pages =        450,
  adsurl =       {http://adsabs.harvard.edu/abs/2008ASPC..394..450E},
  adsnote =      {Provided by the SAO/NASA Astrophysics Data System}
}

@INPROCEEDINGS{2008ASPC..394..565J,
  author =       {{Jenness}, T. and {Cavanagh}, B. and {Economou},
                  F. and {Berry}, D.~S.  },
  title =        "{JCMT Science Archive: Advanced Heterodyne Data
                  Products Pipeline}",
  booktitle =    {Astronomical Data Analysis Software and Systems
                  XVII},
  year =         2008,
  series =       {\aspconf},
  volume =       394,
  editor =       {{Argyle}, R.~W. and {Bunclark}, P.~S. and {Lewis},
                  J.~R.},
  month =        aug,
  pages =        565,
  adsurl =       {http://adsabs.harvard.edu/abs/2008ASPC..394..565J},
  adsnote =      {Provided by the SAO/NASA Astrophysics Data System}
}

@INPROCEEDINGS{2008SPIE.7016E..16G,
  author =       {{Gaudet}, S. and {Durand}, D. and {Schade}, D.},
  title =        "{The evolving role of a data centre in support of
                  observatory operations and community needs}",
  booktitle =    {Observatory Operations: Strategies, Processes, and
                  Systems II},
  year =         2008,
  series =       {\procspie},
  editor =       {Brissenden, Roger J. and Silva, David R.},
  volume =       7016,
  month =        jul,
  eid =          {70160J},
  pages =        {70160J},
  doi =          {10.1117/12.790295},
  adsurl =       {http://adsabs.harvard.edu/abs/2008SPIE.7016E..16G},
  adsnote =      {Provided by the SAO/NASA Astrophysics Data System}
}

@ARTICLE{2009ApJ...693.1736W,
  author =       {{Wilson}, C.~D. and {Warren}, B.~E. and {Israel},
                  F.~P. and {Serjeant}, S. and {Bendo}, G. and
                  {Brinks}, E. and {Clements}, D. and {Courteau},
                  S. and {Irwin}, J. and {Knapen}, J.~H. and {Leech},
                  J. and {Matthews}, H.~E. and {M{\"u}hle}, S. and
                  {Mortier}, A.~M.~J. and {Petitpas}, G. and
                  {Sinukoff}, E. and {Spekkens}, K. and {Tan},
                  B.~K. and {Tilanus}, R.~P.~J. and {Usero}, A. and
                  {van der Werf}, P. and {Wiegert}, T. and {Zhu}, M.},
  title =        "{The James Clerk Maxwell Telescope Nearby Galaxies
                  Legacy Survey. I. Star-Forming Molecular Gas in
                  Virgo Cluster Spiral Galaxies}",
  journal =      {\apj},
  archivePrefix ="arXiv",
  eprint =       {0812.1718},
  keywords =     {galaxies: clusters: individual: Virgo, galaxies:
                  individual: NGC 4254 NGC 4321 NGC 4569 NGC 4579,
                  galaxies: ISM, galaxies: spiral, ISM: molecules,
                  stars: formation},
  year =         2009,
  month =        mar,
  volume =       693,
  pages =        1736,
  doi =          {10.1088/0004-637X/693/2/1736},
  adsurl =       {http://adsabs.harvard.edu/abs/2009ApJ...693.1736W},
  adsnote =      {Provided by the SAO/NASA Astrophysics Data System}
}

@INPROCEEDINGS{2009ASPC..411..575D,
  author =       {{Draper}, P.~W. and {Berry}, D.~S. and {Jenness},
                  T. and {Economou}, F.  },
  title =        "{GAIA -- Version 4}",
  booktitle =    {Astronomical Data Analysis Software and Systems
                  XVIII},
  year =         2009,
  series =       {\aspconf},
  volume =       411,
  editor =       {{Bohlender}, D.~A. and {Durand}, D. and {Dowler},
                  P.},
  month =        sep,
  pages =        575,
  adsurl =       {http://adsabs.harvard.edu/abs/2009ASPC..411..575D},
  adsnote =      {Provided by the SAO/NASA Astrophysics Data System}
}

@ARTICLE{2009MNRAS.399.1026B,
  author =       {{Buckle}, J.~V. and {Hills}, R.~E. and {Smith},
                  H. and {Dent}, W.~R.~F. and {Bell}, G. and {Curtis},
                  E.~I. and {Dace}, R. and {Gibson}, H. and {Graves},
                  S.~F. and {Leech}, J. and {Richer}, J.~S. and
                  {Williamson}, R. and {Withington}, S. and {Yassin},
                  G. and {Bennett}, R. and {Hastings}, P. and
                  {Laidlaw}, I. and {Lightfoot}, J.~F. and {Burgess},
                  T. and {Dewdney}, P.~E. and {Hovey}, G. and
                  {Willis}, A.~G. and {Redman}, R. and {Wooff}, B. and
                  {Berry}, D.~S. and {Cavanagh}, B. and {Davis},
                  G.~R. and {Dempsey}, J. and {Friberg}, P. and
                  {Jenness}, T. and {Kackley}, R. and {Rees},
                  N.~P. and {Tilanus}, R. and {Walther}, C. and
                  {Zwart}, W. and {Klapwijk}, T.~M. and {Kroug},
                  M. and {Zijlstra}, T.},
  title =        "{HARP/ACSIS: a submillimetre spectral imaging system
                  on the James Clerk Maxwell Telescope}",
  journal =      {\mnras},
  archivePrefix ="arXiv",
  eprint =       {0907.3610},
  primaryClass = "astro-ph.IM",
  keywords =     {instrumentation: detectors , instrumentation:
                  spectrographs , methods: observational , techniques:
                  image processing , techniques: spectroscopic ,
                  submillimetre},
  year =         2009,
  month =        oct,
  volume =       399,
  pages =        1026,
  doi =          {10.1111/j.1365-2966.2009.15347.x},
  adsurl =       {http://adsabs.harvard.edu/abs/2009MNRAS.399.1026B},
  adsnote =      {Provided by the SAO/NASA Astrophysics Data System}
}

@INPROCEEDINGS{2010ASPC..434..213B,
  author =       {{Berry}, D. and {Draper}, P.},
  title =        "{Using the AST Library to Create and Use STC-S
                  Region Descriptions}",
  booktitle =    {Astronomical Data Analysis Software and Systems XIX},
  year =         2010,
  series =       {\aspconf},
  volume =       434,
  editor =       {{Mizumoto}, Y. and {Morita}, K.-I. and {Ohishi}, M.},
  month =        dec,
  pages =        213,
  adsurl =       {http://adsabs.harvard.edu/abs/2010ASPC..434..213B},
  adsnote =      {Provided by the SAO/NASA Astrophysics Data System}
}

@ARTICLE{2010HiA....15..797C,
  author =       {{Chrysostomou}, A.},
  title =        "{The JCMT Legacy Survey: Mapping the Milky Way in
                  the Submillimetre}",
  journal =      {Highlights of Astronomy},
  year =         2010,
  month =        nov,
  volume =       15,
  pages =        797,
  doi =          {10.1017/S1743921310011750},
  adsurl =       {http://adsabs.harvard.edu/abs/2010HiA....15..797C},
  adsnote =      {Provided by the SAO/NASA Astrophysics Data System}
}

@INPROCEEDINGS{2010SPIE.7731E..10W,
  author =       {{Wright}, G.~S. and {Rieke}, G. and {Boeker}, T. and
                  {Colina}, L. and {van Dishoeck}, E. and {Driggers},
                  P. and {Friedman}, S. and {Glasse}, A. and
                  {Goodson}, G. and {Greene}, T. and {Guedel}, M. and
                  {Henning}, T. and {Lagage}, P.-O. and
                  {Lorenzo-Alvarez}, J. and {Meixner}, M. and
                  {Norgaard-Nielsen}, H. and {Olofsson}, G. and {Ray},
                  T. and {Ressler}, M. and {Sukhatme}, K. and
                  {Thatcher}, J. and {Waelkens}, C. and {Wright}, D.},
  title =        "{Progress with the design and development of MIRI,
                  the mid-IR instrument for JWST}",
  booktitle =    {Space Telescopes and Instrumentation 2010: Optical,
                  Infrared, and Millimeter Wave},
  year =         2010,
  series =       {\procspie},
  volume =       7731,
  month =        jul,
  editor =       {Oschmann, Jacobus M., Jr. and Clampin, Mark C. and
                  MacEwen, Howard A.},
  eid =          {77310E},
  pages =        {77310E},
  doi =          {10.1117/12.857262},
  adsurl =       {http://adsabs.harvard.edu/abs/2010SPIE.7731E..10W},
  adsnote =      {Provided by the SAO/NASA Astrophysics Data System}
}

@INPROCEEDINGS{2010SPIE.7740E..51G,
  author =       {{Gaudet}, S. and {Hill}, N. and {Armstrong}, P. and
                  {Ball}, N. and {Burke}, J. and {Chapel}, B. and
                  {Chapin}, E. and {Damian}, A. and {Dowler}, P. and
                  {Gable}, I. and {Goliath}, S. and {Ghiurea}, I. and
                  {Fabbro}, S. and {Gwyn}, S. and {Jenkins}, D. and
                  {Kavelaars}, J. and {Major}, B. and {Ouellette},
                  J. and {Paterson}, M. and {Peddle}, M. and
                  {Penfold-Brown}, D. and {Pritchet}, C. and {Schade},
                  D. and {Sobie}, R. and {Woods}, D. and {Yeung},
                  A. and {Zhang}, Y.},
  title =        "{CANFAR: the Canadian Advanced Network for
                  Astronomical Research}",
  booktitle =    {Software and Cyberinfrastructure for Astronomy},
  year =         2010,
  editor =       {Radziwill, Nicole M. and Bridger, Alan},
  series =       {\procspie},
  volume =       7740,
  month =        jul,
  pages =        {77401I},
  eid =          {77401I},
  doi =          {10.1117/12.858026},
  adsurl =       {http://adsabs.harvard.edu/abs/2010SPIE.7740E..51G},
  adsnote =      {Provided by the SAO/NASA Astrophysics Data System}
}

@INPROCEEDINGS{2011ASPC..442..203E,
  author =       {{Economou}, F. and {Jenness}, T. and {Cavanagh},
                  B. and {Goliath}, S. and {Redman}, R. and {Jenkins},
                  D. and {Berry}, D. and {Chrysostomou}, A. and
                  {Chapel}, B. and {Dowler}, P. and {Gaudet}, S. and
                  {Ouellette}, J. and {Schade}, D.},
  title =        "{The JSA and the Grid: How ``Infinite'' Computing
                  Power Enables a New Archive Model for PI-led
                  Observatories}",
  booktitle =    {Astronomical Data Analysis Software and Systems XX},
  year =         2011,
  series =       {\aspconf},
  volume =       442,
  editor =       {{Evans}, I.~N. and {Accomazzi}, A. and {Mink},
                  D.~J. and {Rots}, A.~H.  },
  month =        jul,
  pages =        203,
  adsurl =       {http://adsabs.harvard.edu/abs/2011ASPC..442..203E},
  adsnote =      {Provided by the SAO/NASA Astrophysics Data System}
}

@INPROCEEDINGS{2011tfa..confE..42J,
  author =       {{Jenness}, T. and {Economou}, F.},
  title =        "{Data Management at the UKIRT and JCMT}",
  keywords =     {JCMT, UKIRT, eSTAR, Data Handling, Pipelines},
  booktitle =    {Telescopes from Afar},
  year =         2011,
  archivePrefix ="arXiv",
  eprint =       {1111.5855},
  primaryClass = "astro-ph.IM",
  editor =       {{Gajadhar}, S. and {Walawender}, J. and {Genet},
                  R. and {Veillet}, C. and {Adamson}, A. and
                  {Martinez}, J. and {Melnik}, J. and {Jenness},
                  T. and {Manset}, N.},
  month =        mar,
  pages =        42,
  note =         {arXiv:1111.5855},
  adsurl =       {http://adsabs.harvard.edu/abs/2011tfa..confE..42J},
  adsnote =      {Provided by the SAO/NASA Astrophysics Data System}
}

@INPROCEEDINGS{2012ASPC..461..339D,
  author =       {{Dowler}, P.},
  title =        "{CAOM-2.0: The Inevitable Evolution of a Data
                  Model}",
  booktitle =    {Astronomical Data Analysis Software and Systems XXI},
  year =         2012,
  series =       {\aspconf},
  volume =       461,
  editor =       {{Ballester}, P. and {Egret}, D. and {Lorente},
                  N.~P.~F.},
  month =        sep,
  pages =        339,
  adsurl =       {http://adsabs.harvard.edu/abs/2012ASPC..461..339D},
  adsnote =      {Provided by the SAO/NASA Astrophysics Data System}
}

@ARTICLE{2012MNRAS.424.3050W,
  author =       {{Wilson}, C.~D. and {Warren}, B.~E. and {Israel},
                  F.~P. and {Serjeant}, S. and {Attewell}, D. and
                  {Bendo}, G.~J. and {Butner}, H.~M. and {Chanial},
                  P. and {Clements}, D.~L. and {Golding}, J. and
                  {Heesen}, V. and {Irwin}, J. and {Leech}, J. and
                  {Matthews}, H.~E. and {M{\"u}hle}, S. and {Mortier},
                  A.~M.~J. and {Petitpas}, G. and
                  {S{\'a}nchez-Gallego}, J.~R. and {Sinukoff}, E. and
                  {Shorten}, K. and {Tan}, B.~K. and {Tilanus},
                  R.~P.~J. and {Usero}, A. and {Vaccari}, M. and
                  {Wiegert}, T. and {Zhu}, M. and {Alexander},
                  D.~M. and {Alexander}, P. and {Azimlu}, M. and
                  {Barmby}, P. and {Brar}, R. and {Bridge}, C. and
                  {Brinks}, E. and {Brooks}, S. and {Coppin}, K. and
                  {C{\^o}t{\'e}}, S. and {C{\^o}t{\'e}}, P. and
                  {Courteau}, S. and {Davies}, J. and {Eales}, S. and
                  {Fich}, M. and {Hudson}, M. and {Hughes}, D.~H. and
                  {Ivison}, R.~J. and {Knapen}, J.~H. and {Page},
                  M. and {Parkin}, T.~J. and {Rigopoulou}, D. and
                  {Rosolowsky}, E. and {Seaquist}, E.~R. and
                  {Spekkens}, K. and {Tanvir}, N. and {van der Hulst},
                  J.~M. and {van der Werf}, P. and {Vlahakis}, C. and
                  {Webb}, T.~M. and {Weferling}, B. and {White},
                  G.~J.},
  title =        "{The JCMT Nearby Galaxies Legacy Survey - VIII. CO
                  data and the L$_{CO(3-2)}$-L$_{FIR}$ correlation in
                  the SINGS sample}",
  journal =      {\mnras},
  archivePrefix ="arXiv",
  eprint =       {1206.1629},
  primaryClass = "astro-ph.CO",
  keywords =     {stars: formation, ISM: molecules, galaxies: ISM,
                  galaxies: kinematics and dynamics, galaxies: spiral
                  },
  year =         2012,
  month =        aug,
  volume =       424,
  pages =        3050,
  doi =          {10.1111/j.1365-2966.2012.21453.x},
  adsurl =       {http://adsabs.harvard.edu/abs/2012MNRAS.424.3050W},
  adsnote =      {Provided by the SAO/NASA Astrophysics Data System}
}

@INPROCEEDINGS{2013ASPC..475..159R,
  author =       {Russell O. Redman and Pat Dowler},
  title =        "{Implementing a Common Database Architecture at the
                  CADC using CAOM-2}",
  booktitle =    {Astronomical Data Analysis Software and Systems
                  XXII},
  pages =        159,
  year =         2013,
  editor =       {Friedel, D.},
  volume =       475,
  series =       {\aspconf},
}

@ARTICLE{2013ApJS..209....8D,
  author =       {{Dempsey}, J.~T. and {Thomas}, H.~S. and {Currie},
                  M.~J.},
  title =        "{CO (3 - 2) High-resolution Survey of the Galactic
                  Plane: R1}",
  journal =      {\apjs},
  keywords =     {ISM: clouds, ISM: structure, molecular data, stars:
                  massive, submillimeter: ISM, surveys},
  year =         2013,
  month =        nov,
  volume =       209,
  eid =          8,
  pages =        8,
  doi =          {10.1088/0067-0049/209/1/8},
  adsurl =       {http://adsabs.harvard.edu/abs/2013ApJS..209....8D},
  adsnote =      {Provided by the SAO/NASA Astrophysics Data System}
}

@ARTICLE{2013MNRAS.430.2513H,
  author =       {{Holland}, W.~S. and {Bintley}, D. and {Chapin},
                  E.~L. and {Chrysostomou}, A. and {Davis}, G.~R. and
                  {Dempsey}, J.~T. and {Duncan}, W.~D. and {Fich},
                  M. and {Friberg}, P. and {Halpern}, M. and {Irwin},
                  K.~D. and {Jenness}, T. and {Kelly}, B.~D. and
                  {MacIntosh}, M.~J. and {Robson}, E.~I. and {Scott},
                  D. and {Ade}, P.~A.~R. and {Atad-Ettedgui}, E. and
                  {Berry}, D.~S. and {Craig}, S.~C. and {Gao}, X. and
                  {Gibb}, A.~G. and {Hilton}, G.~C. and {Hollister},
                  M.~I. and {Kycia}, J.~B. and {Lunney}, D.~W. and
                  {McGregor}, H. and {Montgomery}, D. and {Parkes},
                  W. and {Tilanus}, R.~P.~J. and {Ullom}, J.~N. and
                  {Walther}, C.~A. and {Walton}, A.~J. and
                  {Woodcraft}, A.~L. and {Amiri}, M. and {Atkinson},
                  D. and {Burger}, B. and {Chuter}, T. and {Coulson},
                  I.~M. and {Doriese}, W.~B. and {Dunare}, C. and
                  {Economou}, F. and {Niemack}, M.~D. and {Parsons},
                  H.~A.~L. and {Reintsema}, C.~D. and {Sibthorpe},
                  B. and {Smail}, I. and {Sudiwala}, R. and {Thomas},
                  H.~S.  },
  title =        "{SCUBA-2: the 10 000 pixel bolometer camera on the
                  James Clerk Maxwell Telescope}",
  journal =      {\mnras},
  archivePrefix ="arXiv",
  eprint =       {1301.3650},
  primaryClass = "astro-ph.IM",
  keywords =     {instrumentation: detectors, submillimetre: general},
  year =         2013,
  month =        apr,
  volume =       430,
  pages =        2513,
  doi =          {10.1093/mnras/sts612},
  adsurl =       {http://adsabs.harvard.edu/abs/2013MNRAS.430.2513H},
  adsnote =      {Provided by the SAO/NASA Astrophysics Data System}
}

@ARTICLE{2013MNRAS.430.2534D,
  author =       {{Dempsey}, J.~T. and {Friberg}, P. and {Jenness},
                  T. and {Tilanus}, R.~P.~J. and {Thomas}, H.~S. and
                  {Holland}, W.~S. and {Bintley}, D. and {Berry},
                  D.~S. and {Chapin}, E.~L. and {Chrysostomou}, A. and
                  {Davis}, G.~R. and {Gibb}, A.~G. and {Parsons},
                  H. and {Robson}, E.~I.},
  title =        "{SCUBA-2: on-sky calibration using submillimetre
                  standard sources}",
  journal =      {\mnras},
  archivePrefix ="arXiv",
  eprint =       {1301.3773},
  primaryClass = "astro-ph.IM",
  keywords =     {atmospheric effects, submillimetre: general},
  year =         2013,
  month =        apr,
  volume =       430,
  pages =        2534,
  doi =          {10.1093/mnras/stt090},
  adsurl =       {http://adsabs.harvard.edu/abs/2013MNRAS.430.2534D},
  adsnote =      {Provided by the SAO/NASA Astrophysics Data System}
}

@ARTICLE{2013MNRAS.430.2545C,
  author =       {{Chapin}, E.~L. and {Berry}, D.~S. and {Gibb},
                  A.~G. and {Jenness}, T. and {Scott}, D. and
                  {Tilanus}, R.~P.~J. and {Economou}, F. and
                  {Holland}, W.~S.  },
  title =        "{SCUBA-2: iterative map-making with the
                  Sub-Millimetre User Reduction Facility}",
  journal =      {\mnras},
  archivePrefix ="arXiv",
  eprint =       {1301.3652},
  primaryClass = "astro-ph.IM",
  keywords =     {methods: data analysis, methods: observational,
                  techniques: image processing, submillimetre:
                  general},
  year =         2013,
  month =        apr,
  volume =       430,
  pages =        2545,
  doi =          {10.1093/mnras/stt052},
  adsurl =       {http://adsabs.harvard.edu/abs/2013MNRAS.430.2545C},
  adsnote =      {Provided by the SAO/NASA Astrophysics Data System}
}

@ARTICLE{2013MNRAS.432...53G,
  author =       {{Geach}, J.~E. and {Chapin}, E.~L. and {Coppin},
                  K.~E.~K. and {Dunlop}, J.~S. and {Halpern}, M. and
                  {Smail}, I. and {Werf}, P.~v.~d. and {Serjeant},
                  S. and {Farrah}, D. and {Roseboom}, I. and
                  {Targett}, T. and {Arumugam}, V. and {Asboth},
                  V. and {Blain}, A. and {Chrysostomou}, A. and
                  {Clarke}, C. and {Ivison}, R.~J. and {Jones},
                  S.~L. and {Karim}, A. and {Mackenzie}, T. and
                  {Meijerink}, R. and {Micha{\l}owski}, M.~J. and
                  {Scott}, D. and {Simpson}, J.~M. and {Swinbank},
                  A.~M. and {Alexander}, D.~M. and {Almaini}, O. and
                  {Aretxaga}, I. and {Best}, P. and {Chapman}, S. and
                  {Clements}, D.~L. and {Conselice}, C. and
                  {Danielson}, A.~L.~R. and {Eales}, S. and {Edge},
                  A.~C. and {Gibb}, A.~G. and {Hughes}, D. and
                  {Jenness}, T. and {Knudsen}, K.~K. and {Lacey},
                  C.~G. and {Marsden}, G. and {McMahon}, R. and
                  {Oliver}, S.~J. and {Page}, M.~J. and {Peacock},
                  J.~A. and {Rigopoulou}, D. and {Robson}, E.~I. and
                  {Spaans}, M. and {Stevens}, J. and {Webb},
                  T.~M.~A. and {Willott}, C. and {Wilson}, C.~D. and
                  {Zemcov}, M.  },
  title =        "{The SCUBA-2 Cosmology Legacy Survey: blank-field
                  number counts of 450-{$\mu$}m-selected galaxies and
                  their contribution to the cosmic infrared
                  background}",
  journal =      {\mnras},
  archivePrefix ="arXiv",
  eprint =       {1211.6668},
  primaryClass = "astro-ph.CO",
  keywords =     {galaxies: high-redshift, cosmology: observations,
                  submillimetre: galaxies},
  year =         2013,
  month =        jun,
  volume =       432,
  pages =        53,
  doi =          {10.1093/mnras/stt352},
  adsurl =       {http://adsabs.harvard.edu/abs/2013MNRAS.432...53G},
  adsnote =      {Provided by the SAO/NASA Astrophysics Data System}
}

@INPROCEEDINGS{2014AAS...22325505T,
  author =       {{Tody}, D. and {Plante}, R.~L. and {Berriman},
                  G.~B. and {Cresitello-Dittmar}, M. and {Good},
                  J. and {Graham}, M. and {Greene}, G. and {Hanisch},
                  R.~J. and {Jenness}, T. and {Lazio}, J. and
                  {Norris}, P. and {Pevunova}, O. and {Rots}, A.~H.},
  title =        "{Accessing Multi-Dimensional Images and Data Cubes
                  in the Virtual Observatory}",
  booktitle =    {American Astronomical Society Meeting \#223},
  year =         2014,
  series =       {American Astronomical Society Meeting Abstracts},
  volume =       223,
  month =        jan,
  pages =        {\#255.05},
  adsurl =       {http://adsabs.harvard.edu/abs/2014AAS...22325505T},
  adsnote =      {Provided by the SAO/NASA Astrophysics Data System}
}

@Article{2014ACCADC,
  author =       {P. Dowler and others},
  title =        "{Use of Virtual Observatory Standards and Technology
                  at the Canadian Astronomy Data Center and CANFAR}",
  journal =      {Astronomy \& Computing},
  year =         2014,
  volume =       {in press},
}

@Article{2014JCMTN35..19J,
  author =       {Doug Johnstone},
  title =        "{The JCMT Science Archive: Ambitious Plans for the
                  JSA}",
  journal =      {JCMT Newsletter},
  year =         2014,
  volume =       35,
  pages =        19,
}

@Article{2014JCMTN35..20B,
  author =       {Graham Bell},
  title =        "{Tiling Scheme for the JSA}",
  journal =      {JCMT Newsletter},
  year =         2014,
  volume =       35,
  pages =        20,
}

@Article{2014JCMTN35..21G,
  author =       {Sarah Graves},
  title =        "{Source Finding: Creating a Legacy Catalogue}",
  journal =      {JCMT Newsletter},
  year =         2014,
  volume =       35,
  pages =        21,
}

@InProceedings{2014SPIE9152-93,
  author =       {Graham S. Bell and Sarah F. Graves and Malcolm
                  J. Currie and David S. Berry and Harriet
                  A. L. Parsons and Tim Jenness and Russell O. Redman
                  and Jessica T. Dempsey and Douglas I. Johnstone and
                  Frossie Economou },
  title =        "{Advanced data products for the JCMT Science
                  Archive}",
  booktitle =    "{Software and Cyberinfrastructure for Astronomy
                  III}",
  year =         2014,
  editor =       {Gianluca Chiozzi and Nicole M. Radziwill},
  volume =       9152,
  series =       {\procspie},
  pages =        915293,
}

@INPROCEEDINGS{adassxxiii_P01,
  author =       {Graham S. Bell and Malcolm J. Currie and Russell
                  O. Redman and Maren Purves and Tim Jenness},
  title =        "{A New Archive of UKIRT Legacy Data at CADC}",
  booktitle =    {Astronomical Data Analysis Software and Systems
                  XXIII},
  pages =        143,
  volume =       485,
  year =         2014,
  editor =       {Nadine Manset and P. Forshay},
  series =       {\aspconf},
}

@misc{cone,
  author =       {Roy Williams and Robert Hanisch and Alex Szalay and
                  Raymond Plante},
  title =        "{IVOA Recommendation: Simple Cone Search Version
                  1.03}",
  archivePrefix ="arXiv",
  eprint =       {1110.0498},
  primaryClass = "astro-ph.IM",
  year =         2008,
  url =
                  {http://www.ivoa.net/documents/REC/DAL/ConeSearch-20080222.html},
  adsurl =       {http://adsabs.harvard.edu/abs/2011arXiv1110.0499T},
  adsnote =      {Provided by the SAO/NASA Astrophysics Data System}
}

@misc{siap,
  author =       {{Tody}, D. and {Plante}, R. and {Harrison}, P.},
  title =        "{IVOA Recommendation: Simple Image Access
                  Specification Version 1.0}",
  archivePrefix ="arXiv",
  eprint =       {1110.0499},
  primaryClass = "astro-ph.IM",
  year =         2009,
  url =
                  {http://www.ivoa.net/documents/SIA/20091116/REC-SIA-1.0.html},
  adsurl =       {http://adsabs.harvard.edu/abs/2011arXiv1110.0499T},
  adsnote =      {Provided by the SAO/NASA Astrophysics Data System}
}

@Article{splatvo,
  author =       {Petr \v{S}koda and Peter W. Draper and Margarida
                  Castro Neves and David Andre\v{s}i\v{c} and Tim
                  Jenness},
  title =        "{Spectroscopic Analysis in the Virtual Observatory
                  Environment with SPLAT-VO}",
  journal =      {Astronomy \& Computing},
  year =         2014,
  pages =        {submitted},
}

@misc{ssap,
  author =       "Tody, D. and Dolensky, M. and McDowell, J. and
                  Bonnarel, F. and Budavari, T. and Busko, I. and
                  Micol, A. and Osuna, P. and Salgado, J. and Skoda,
                  P. and Thompson, R. and Valdes, F.",
  title =        "Simple {S}pectral {A}ccess {P}rotocol {V}ersion 1.1
                  {IVOA} {R}ecommendation",
  archivePrefix ="arXiv",
  eprint =       {1203.5725},
  year =         2012,
  url =
                  {http://www.ivoa.net/documents/SSA/20120210/REC-SSA-1.1-20120210.pdf}
}

@misc{vospace,
  author =       "Matthew Graham and Dave Morris and Guy Rixon and Pat
                  Dowler and Andre Schaaff and Doug Tody",
  title =        "{VOSpace specification Version 2.0 IVOA
                  Recommendation}",
  archivePrefix ="arXiv",
  eprint =       {1110.0508},
  year =         2013,
  url =
                  {http://www.ivoa.net/documents/VOSpace/20130329/REC-VOSpace-2.0-20130329.pdf},
}

@TechReport{GSD1999,
  author =       {Tim Jenness and Remo P. J. Tilanus and Horst
                  Meyerdierks and Jon Fairclough},
  title =        {The Global Section Datafile (GSD) access library},
  institution =  {Joint Astronomy Centre},
  year =         1999,
  type =         {Starlink User Note},
  number =       229
}
